<record><leader>00000cas a2200000 a 4500</leader><controlfield tag="001">11180476</controlfield><controlfield tag="008">840921d19421945ksuwr ne      0   a0eng d</controlfield><controlfield tag="009">3789</controlfield><datafield ind1=" " ind2=" " tag="010"><subfield code="a">sn 84029592 </subfield></datafield><datafield ind1=" " ind2=" " tag="040"><subfield code="a">KSH</subfield><subfield code="b">eng</subfield><subfield code="c">KSH</subfield><subfield code="d">NPT</subfield><subfield code="d">OCL</subfield></datafield><datafield ind1=" " ind2=" " tag="042"><subfield code="a">msc</subfield></datafield><datafield ind1="0" ind2="0" tag="245"><subfield code="a">Sunflower sentinel.</subfield></datafield><datafield ind1=" " ind2=" " tag="260"><subfield code="a">Lawrence, Kan. :</subfield><subfield code="b">Hercules Powder Co.,</subfield><subfield code="c">1942-1945.</subfield></datafield><datafield ind1=" " ind2=" " tag="300"><subfield code="a">3 v. :</subfield><subfield code="b">ill. ;</subfield><subfield code="c">34 cm.</subfield></datafield><datafield ind1=" " ind2=" " tag="310"><subfield code="a">Weekly</subfield></datafield><datafield ind1="0" ind2=" " tag="362"><subfield code="a">Vol. 1, no. 1 (June 25, 1942)-v. 3, no. 31 (Oct. 19, 1945).</subfield></datafield><datafield ind1=" " ind2=" " tag="500"><subfield code="a">Published in DeSoto, Kan., July 2-Oct. 2, 1942.</subfield></datafield><datafield ind1=" " ind2=" " tag="500"><subfield code="a">"Employee and safety publication of the Sunflower Ordnance Works", July 9, 1942-Apr. 2, 1943.</subfield></datafield><datafield ind1=" " ind2=" " tag="515"><subfield code="a">Suspended with Aug. 11, 1943 issue; resumed with May 5, 1944 issue.</subfield></datafield><datafield ind1=" " ind2=" " tag="515"><subfield code="a">No paper published May 12, 1944.</subfield></datafield><datafield ind1=" " ind2=" " tag="521"><subfield code="a">"Entire personnel of the Sunflower Ordnance Works, contracting, Army, and Hercules."</subfield></datafield><datafield ind1=" " ind2=" " tag="550"><subfield code="a">"Official organ of the Sunflower Ordnance Works."</subfield></datafield><datafield ind1=" " ind2=" " tag="752"><subfield code="a">United States</subfield><subfield code="b">Kansas</subfield><subfield code="c">Douglas</subfield><subfield code="d">Lawrence.</subfield></datafield><datafield ind1=" " ind2=" " tag="752"><subfield code="a">United States</subfield><subfield code="b">Kansas</subfield><subfield code="c">Johnson</subfield><subfield code="d">DeSoto.</subfield></datafield></record>